@article{test,
  author = "test",
  title = "test title",
  journal = "test journal",
  year = "2020"
  }
